<?xml version="1.0" encoding="UTF-8"?><record xmlns="http://www.loc.gov/MARC21/slim" xmlns:cinclude="http://apache.org/cocoon/include/1.0" xmlns:zs="http://www.loc.gov/zing/srw/">
  <leader>01143cz  a2200277n  4500</leader>
  <controlfield tag="001">n  90641411 </controlfield>
  <controlfield tag="003">DLC</controlfield>
  <controlfield tag="005">20051001063231.0</controlfield>
  <controlfield tag="008">900507n| acannaabn          |a aaa      </controlfield>
  <datafield tag="010" ind1=" " ind2=" ">
    <subfield code="a">n  90641411 </subfield>
  </datafield>
  <datafield tag="035" ind1=" " ind2=" ">
    <subfield code="a">(OCoLC)oca02737520</subfield>
  </datafield>
  <datafield tag="035" ind1=" " ind2=" ">
    <subfield code="a">(Uk)002573467</subfield>
  </datafield>
  <datafield tag="040" ind1=" " ind2=" ">
    <subfield code="a">DLC</subfield>
    <subfield code="b">eng</subfield>
    <subfield code="c">DLC</subfield>
    <subfield code="d">DLC</subfield>
    <subfield code="d">OCoLC</subfield>
    <subfield code="d">Uk</subfield>
  </datafield>
  <datafield tag="053" ind1=" " ind2="0">
    <subfield code="a">PR6073.I4753</subfield>
  </datafield>
  <datafield tag="100" ind1="1" ind2=" ">
    <subfield code="a">Wilson, T. R.</subfield>
    <subfield code="q">(Timothy R.)</subfield>
  </datafield>
  <datafield tag="400" ind1="1" ind2=" ">
    <subfield code="a">Wilson, Timothy</subfield>
    <subfield code="q">(Timothy R.)</subfield>
  </datafield>
  <datafield tag="400" ind1="1" ind2=" ">
    <subfield code="a">Wilson, Timothy,</subfield>
    <subfield code="d">1962-</subfield>
  </datafield>
  <datafield tag="400" ind1="1" ind2=" ">
    <subfield code="a">Wilson, Tim,</subfield>
    <subfield code="d">1962-</subfield>
  </datafield>
  <datafield tag="500" ind1="1" ind2=" ">
    <subfield code="w">nnnc</subfield>
    <subfield code="a">March, Hannah</subfield>
  </datafield>
  <datafield tag="500" ind1="1" ind2=" ">
    <subfield code="w">nnnc</subfield>
    <subfield code="a">Morgan, Jude,</subfield>
    <subfield code="d">1962-</subfield>
  </datafield>
  <datafield tag="663" ind1=" " ind2=" ">
    <subfield code="a">For works of this author entered under other names, search also under</subfield>
    <subfield code="b">March, Hannah; Morgan, Jude, 1962-</subfield>
  </datafield>
  <datafield tag="670" ind1=" " ind2=" ">
    <subfield code="a">His The ravished earth, c1988:</subfield>
    <subfield code="b">t.p. (T.R. Wilson) jkt. (Timothy Wilson; 25 yrs. old)</subfield>
  </datafield>
  <datafield tag="670" ind1=" " ind2=" ">
    <subfield code="a">His Master of Morholm, c1986:</subfield>
    <subfield code="b">t.p. (Timothy Wilson)</subfield>
  </datafield>
  <datafield tag="670" ind1=" " ind2=" ">
    <subfield code="a">In a child's eye, 1998:</subfield>
    <subfield code="b">CIP t.p. (Tim Wilson)</subfield>
  </datafield>
  <datafield tag="670" ind1=" " ind2=" ">
    <subfield code="a">BLAISE Dec. 1997</subfield>
    <subfield code="b">(Wilson, Timothy, 1962- ; Timothy Royce Wilson; b. Oct. 11, 1962)</subfield>
  </datafield>
  <datafield tag="670" ind1=" " ind2=" ">
    <subfield code="a">BL AL recd. 29 Sept. 2005</subfield>
    <subfield code="b">(Timothy Royce Wilson, born 11 Oct. 1962; pseudonyms: Hannah March, Jude Morgan)</subfield>
  </datafield>
</record>